<record><leader>00000cas a22000007a 4500</leader><controlfield tag="001">19995504</controlfield><controlfield tag="008">890712d18951896pr cr ne      0    0spa d</controlfield><datafield ind1=" " ind2=" " tag="010"><subfield code="a">sn 89078098 </subfield></datafield><datafield ind1=" " ind2=" " tag="040"><subfield code="a">PNN</subfield><subfield code="b">eng</subfield><subfield code="c">PNN</subfield><subfield code="d">OCLCQ</subfield></datafield><datafield ind1=" " ind2=" " tag="042"><subfield code="a">msc</subfield></datafield><datafield ind1="0" ind2="3" tag="245"><subfield code="a">El eco.</subfield></datafield><datafield ind1=" " ind2=" " tag="260"><subfield code="a">Yauco, P.R. :</subfield><subfield code="b">Tip. Borinque&#769;n</subfield></datafield><datafield ind1=" " ind2=" " tag="300"><subfield code="a">v.</subfield></datafield><datafield ind1=" " ind2=" " tag="310"><subfield code="a">Semiweekly</subfield></datafield><datafield ind1="1" ind2=" " tag="362"><subfield code="a">Began with Nov. 3, 1895 issue.</subfield></datafield><datafield ind1="0" ind2=" " tag="362"><subfield code="a">-An&#771;o 2, nu&#769;m. 86 (Nov. 1 de 1896).</subfield></datafield><datafield ind1=" " ind2=" " tag="500"><subfield code="a">"Perio&#769;dico bisemanal defensor de los intereses generales del pai&#769;s y los particulares de la localidad."</subfield></datafield><datafield ind1=" " ind2=" " tag="588"><subfield code="a">Description based on: An&#771;o 1, nu&#769;m. 2 (Nov. 7 de 1895).</subfield></datafield><datafield ind1=" " ind2=" " tag="752"><subfield code="a">United States</subfield><subfield code="b">Puerto Rico</subfield><subfield code="d">Yauco.</subfield></datafield></record>